<?xml version="1.0" encoding="UTF-8"?><collection xmlns="http://www.loc.gov/MARC21/slim"><record><leader>00538nam--2200181-i-4500</leader><controlfield tag="001">000020479</controlfield><controlfield tag="002">20161230</controlfield><controlfield tag="005">20161230201033</controlfield><controlfield tag="008">060222s1000------------r-----000-0-fre-d</controlfield><datafield ind1=" " ind2=" " tag="040"><subfield code="a">IFIN-HH</subfield></datafield><datafield ind1=" " ind2=" " tag="041"><subfield code="a">fre</subfield></datafield><datafield ind1=" " ind2=" " tag="080"><subfield code="a">537.611.44(043)</subfield></datafield><datafield ind1="1" ind2=" " tag="100"><subfield code="a">Fischer, Gabriel</subfield></datafield><datafield ind1="1" ind2="0" tag="245"><subfield code="a">Etude par resonance ferromagnetique de la structure electronique d`alliaages de metaux de transition</subfield><subfield code="b">These</subfield><subfield code="c">Gabriel fischer</subfield></datafield><datafield ind1=" " ind2=" " tag="260"><subfield code="a">Strasbourg</subfield><subfield code="b">Universite</subfield><subfield code="c">1970</subfield></datafield><datafield ind1=" " ind2=" " tag="300"><subfield code="a">102 P</subfield></datafield><datafield ind1=" " ind2=" " tag="852"><subfield code="a">78428</subfield><subfield code="c">539.143.43</subfield></datafield><datafield ind1=" " ind2=" " tag="CAT"><subfield code="a">Sys</subfield><subfield code="c">20120514</subfield><subfield code="h">120904</subfield></datafield></record></collection>